<record><leader>00000cas a22000007a 4500</leader><controlfield tag="001">13958544</controlfield><controlfield tag="008">860728d19201958nvuwr ne      0    0eng d</controlfield><datafield ind1=" " ind2=" " tag="010"><subfield code="a">sn 86076304 </subfield></datafield><datafield ind1=" " ind2=" " tag="040"><subfield code="a">NNX</subfield><subfield code="b">eng</subfield><subfield code="c">NNX</subfield><subfield code="d">CNK</subfield><subfield code="d">OCLCQ</subfield></datafield><datafield ind1=" " ind2=" " tag="042"><subfield code="a">msc</subfield></datafield><datafield ind1="0" ind2="4" tag="245"><subfield code="a">The Fallon standard.</subfield></datafield><datafield ind1="1" ind2="3" tag="246"><subfield code="a">Fallon standard and the Fallon eagle</subfield></datafield><datafield ind1=" " ind2=" " tag="260"><subfield code="a">Fallon, Nev. :</subfield><subfield code="b">E.L. Bingham,</subfield><subfield code="c">1920-1958.</subfield></datafield><datafield ind1=" " ind2=" " tag="300"><subfield code="a">37 v. :</subfield><subfield code="b">ill.</subfield></datafield><datafield ind1=" " ind2=" " tag="310"><subfield code="a">Weekly</subfield></datafield><datafield ind1="0" ind2=" " tag="362"><subfield code="a">Vol. 18, no. 26 (Apr. 28, 1920)-v. 54, no. 52 (Oct. 28, 1958).</subfield></datafield><datafield ind1=" " ind2=" " tag="500"><subfield code="a">Title varies slightly as: Fallon standard and the Fallon eagle, July 22, 1958-Oct. 28, 1958.</subfield></datafield><datafield ind1=" " ind2=" " tag="500"><subfield code="a">Publisher: May 5, 1926-Jan. 29, 1936, Bingham &amp; Smith; Feb. 5, 1936-Feb. 12, 1958, Fallon Standard, Inc.; Feb. 19, 1958-Oct. 28, 1958, Fallon Pub. Co.</subfield></datafield><datafield ind1=" " ind2=" " tag="515"><subfield code="a">Frequent misnumbering.</subfield></datafield><datafield ind1=" " ind2=" " tag="525"><subfield code="a">Supplements accompany some issues.</subfield></datafield><datafield ind1=" " ind2=" " tag="752"><subfield code="a">United States</subfield><subfield code="b">Nevada</subfield><subfield code="c">Churchill</subfield><subfield code="d">Fallon.</subfield></datafield><datafield ind1="0" ind2="0" tag="780"><subfield code="t">Churchill county standard</subfield><subfield code="w">(DLC)sn 86076306</subfield><subfield code="w">(OCoLC)13958479</subfield></datafield><datafield ind1="0" ind2="7" tag="785"><subfield code="t">Fallon eagle</subfield><subfield code="w">(DLC)sn 86076334</subfield><subfield code="w">(OCoLC)13958140</subfield></datafield><datafield ind1="0" ind2="7" tag="785"><subfield code="t">Eagle-standard</subfield><subfield code="w">(DLC)sn 86076305</subfield><subfield code="w">(OCoLC)13958411</subfield></datafield></record>